<?xml version="1.0" encoding="UTF-8"?><collection xmlns="http://www.loc.gov/MARC21/slim"><record><leader>00349nam--2200121-i-4500</leader><controlfield tag="001">000008386</controlfield><controlfield tag="002">20161230</controlfield><controlfield tag="005">20161230201027</controlfield><controlfield tag="008">060222s1000------------r-----000-0-eng-d</controlfield><datafield ind1=" " ind2=" " tag="080"><subfield code="a">017.1:025.3</subfield></datafield><datafield ind1=" " ind2=" " tag="245"><subfield code="a">Catalogul colectiv al cartilor straine intrate in bibliotecile din r.s.r</subfield></datafield><datafield ind1=" " ind2=" " tag="260"><subfield code="a">Bucuresti, Biblioteca Centrala De Stat, 1966</subfield></datafield><datafield ind1=" " ind2=" " tag="852"><subfield code="a">D1013</subfield></datafield></record></collection>